@online{IMechE_about_uas,
    author = "Institution of Mechanical Engineers",
    title = "About UAS Challenge - IMechE"
    url = "https://www.imeche.org/events/challenges/uas-challenge/about-uas-challenge",
    addendum = "[Accessed 20 December 2017]"
}

@online{IMechE_rules,
    author = "Institution of Mechanical Engineers",
    title = "University UAS Challenge 2018 Competition Rules"
    url = "https://www.imeche.org/docs/default-source/1-oscar/uas-challenge/uas-challenge--competition-rules.pdf?sfvrsn=2",
    addendum = "[Accessed 27 December 2017]"
}

@online{PX4_user_guide,
    author = "DroneCode",
    title = "PX4 Autopilot User Guide"
    url = "https://docs.px4.io/en/",
    addendum = ""
}




@online{,
    author = "",
    title = ""
    url = "",
    addendum = ""
}





EXAMPLE
online{knuthwebsite,
    author = "Donald Knuth",
    title = "Knuth: Computers and Typesetting",
    url  = "http://www-cs-faculty.stanford.edu/~uno/abcde.html",
    addendum = "(accessed: 01.09.2016)",
    keywords = "latex,knuth"
}
